@mastersthesis{prac1,
author = {Jiří Holomek},
title = {Nástroj pro analýzu skriptů unixového shellu},
school = {FIT VUT v~Brně},
type = "Bakalářská práce",
year = {2011},
note =  "Vedoucí práce Smrčka, A.",
}

@mastersthesis{prac2, 
author = "Richard Bachánek", 
Title = {Implementace UNIX systémů do bezpečnostních technologií}, 
school = "Univerzita Tomáše Bati ve Zlíne",
type = "Bakalářská práce",
YEAR = {2012}, 
note =  "Vedoucí práce Ivanka, J.",
} 

@Book{unix,
author = {Lud\v{e}k Sko\v{c}ovský},
title = {Principy a~problémy operačního systému UNIX},
publisher = {Luděk Skočovský},
year = {2008},
address = {Brno},
isbn = {80-902612-5-6},
}

@misc{linuxvoice,
author = {Graham Morrison and Andrew Gregory and Mike Saunders and Ben Everard},
title = {Linux Voice},
year = {2014},
note = {12 vydání ročne. ISSN 2054-3778},
}

@misc{wiki,
title = {Wikipedia - UNIX [online]},
url={https://en.wikipedia.org/wiki/Unix},
note = {27.3.2017 [cit. 6.4.2017]},
key = "Wikipedia",
}

@Article{art1,
author = {Juliet Kemp},
title = {Unix, Linux and how we
got where we are today},
journal = {Linux Voice},
month = {březen},
year = {2015},
pages = {96},
issn = {2054-3778},
}

@book{unixprog,
author = {Brian Wilson Kernighan and Rob Pike},
title = {The Unix Programming Enviroment},
publisher = {Prentice-Hall},
year      = 1984,
month = {listopad},
isbn      = {0-13-937681-X}
}

@Article{art2,
author = {Ben Everard},
title = {The Unix Programming Environment},
journal = {Linux Voice},
month = {září},
year = {2014},
pages = {52},
issn = {2054-3778},
}

@MISC{web2,
   author =       {Gary Anthes},
   title =        {Unix turns 40: The past, present and future of a revolutionary OS [online]},
   editor =       {Computerworld.com},
   url = {http://www.computerworld.com/article/2524456/linux/unix-turns-40--\\the-past--present-and-future-of-a-revolutionary-os.html},
   note =         {4.6.2009 [cit. 6.4.2017]},
 }

@MISC{web3,
   author =       {Warren Toomey},
   title =        {The Strange Birth and Long Life of Unix [online]},
   url = {http://spectrum.ieee.org/computing/software/\\the-strange-birth-and-long-life-of-unix},
   note =         {28.11.2011 [cit. 6.4.2017]},
 }